@article{hebert2008,
  title={2009 report to the alaska board of fisheries on region 1 shrimp, crab, and scallop fisheries},
  author={Hebert, Kyle and Davidson, W and Stratman, Joe and Bush, Karla and Bishop, Gretchen and Siddon, Chris and Bednarski, Julie and Messmer, Adam and Wood, Kellii },
  journal={Alaska Department of Fish and Game, Fishery Management Report},
  address={Anchorage},
  number={08-62},
  year={2008}

}


@article{long2016,
  title={Embryo development in golden king crab (Lithodes aequispinus).},
  author={Christopher Long, W and Van Sant, Scott B},
  journal={Fishery Bulletin},
  volume={114},
  number={1},
  year={2016}
}

@article{nizyaev2005,
  title={Biology of golden king crab (Lithodes aequispinus Benedict) along the islands of Kuril Ridge},
  author={Nizyaev, SA},
  journal={Sakhalin Institute of Fishery and Oceanography Publication, Yuzhno-Sakhalinsk (in Russian)},
  year={2005}
}


@article{olson2018spatial,
  title={Spatial variability in size at maturity of golden king crab (Lithodes aequispinus) and implications for fisheries management},
  author={Olson, AP and Siddon, CE and Eckert, GL},
  journal={Royal Society open science},
  volume={5},
  number={3},
  pages={171802},
  year={2018},
  publisher={The Royal Society Publishing}
}

@article{sloan1985,
  title={Life history characteristics of fjord-dwelling golden king crabs Lithodes aequispina.},
  author={Sloan, NA},
  journal={Marine ecology progress series. Oldendorf},
  volume={22},
  number={3},
  pages={219--228},
  year={1985}
}

@article{somerton1986,
  title={Distribution and reproductive biology of the golden king crab, Lithodes aequispina, in the eastern Bering Sea},
  author={Somerton, David A and Otto, RS},
  journal={Fishery Bulletin},
  volume={84},
  number={3},
  pages={571--584},
  year={1986},
  publisher={The Service}
}

@article{stratman2017,
  title={Annual management report for the 2016/2017 Southeast Alaska/Yakutat golden king crab fisheries},
  author={Stratman, Joe and Bergmann, Tessa and Wood, Kellii and Messmer, Adam},
  journal={Alaska Department of Fish and Game, Fishery Management Report},
  address={Anchorage},
  number={17-57},
  year={2017}

}

@article{stratman2020,
  title={2019 golden king crab stock status and management plan for the 2019/2020 season},
  author={Stratman, Joe},
  journal={Alaska Department of Fish and Game, Regional Information Report},
  address={Anchorage},
  number={1J20-11},
  year={2020}

}
